@Manual{R-base,
  title = {R: A Language and Environment for Statistical Computing},
  author = {{R Core Team}},
  organization = {R Foundation for Statistical Computing},
  address = {Vienna, Austria},
  year = {2019},
  url = {https://www.R-project.org/},
}
@Manual{R-bookdown,
  title = {bookdown: Authoring Books and Technical Documents with R Markdown},
  author = {Yihui Xie},
  year = {2020},
  note = {R package version 0.17},
  url = {https://CRAN.R-project.org/package=bookdown},
}
@Manual{R-dplyr,
  title = {dplyr: A Grammar of Data Manipulation},
  author = {Hadley Wickham and Romain François and Lionel Henry and Kirill Müller},
  year = {2020},
  note = {R package version 0.8.4},
  url = {https://CRAN.R-project.org/package=dplyr},
}
@Manual{R-ggplot2,
  title = {ggplot2: Create Elegant Data Visualisations Using the Grammar of Graphics},
  author = {Hadley Wickham and Winston Chang and Lionel Henry and Thomas Lin Pedersen and Kohske Takahashi and Claus Wilke and Kara Woo and Hiroaki Yutani},
  year = {2019},
  note = {R package version 3.2.1},
  url = {https://CRAN.R-project.org/package=ggplot2},
}
@Manual{R-knitr,
  title = {knitr: A General-Purpose Package for Dynamic Report Generation in R},
  author = {Yihui Xie},
  year = {2019},
  note = {R package version 1.24},
  url = {https://CRAN.R-project.org/package=knitr},
}
@Manual{R-maps,
  title = {maps: Draw Geographical Maps},
  author = {Original S code by Richard A. Becker and Allan R. Wilks. R version by Ray Brownrigg. Enhancements by Thomas P Minka and Alex Deckmyn.},
  year = {2018},
  note = {R package version 3.3.0},
  url = {https://CRAN.R-project.org/package=maps},
}
@Manual{R-mapview,
  title = {mapview: Interactive Viewing of Spatial Data in R},
  author = {Tim Appelhans and Florian Detsch and Christoph Reudenbach and Stefan Woellauer},
  year = {2019},
  note = {R package version 2.7.0},
  url = {https://CRAN.R-project.org/package=mapview},
}
@Manual{R-rmarkdown,
  title = {rmarkdown: Dynamic Documents for R},
  author = {JJ Allaire and Yihui Xie and Jonathan McPherson and Javier Luraschi and Kevin Ushey and Aron Atkins and Hadley Wickham and Joe Cheng and Winston Chang and Richard Iannone},
  year = {2019},
  note = {R package version 2.0},
  url = {https://CRAN.R-project.org/package=rmarkdown},
}
@Manual{R-sf,
  title = {sf: Simple Features for R},
  author = {Edzer Pebesma},
  year = {2020},
  note = {R package version 0.8-1},
  url = {https://CRAN.R-project.org/package=sf},
}
@Manual{R-tidycensus,
  title = {tidycensus: Load US Census Boundary and Attribute Data as 'tidyverse' and
'sf'-Ready Data Frames},
  author = {Kyle Walker},
  year = {2019},
  note = {R package version 0.9.2},
  url = {https://CRAN.R-project.org/package=tidycensus},
}
@Manual{R-tmap,
  title = {tmap: Thematic Maps},
  author = {Martijn Tennekes},
  year = {2019},
  note = {R package version 2.3-1},
  url = {https://CRAN.R-project.org/package=tmap},
}
@Manual{R-tmaptools,
  title = {tmaptools: Thematic Map Tools},
  author = {Martijn Tennekes},
  year = {2019},
  note = {R package version 2.0-2},
  url = {https://CRAN.R-project.org/package=tmaptools},
}
